ISA*00*          *00*          *ZZ*MDMEDICAID     *ZZ*1234567890     *241201*1430*^*00501*000000001*0*P*:~
GS*HP*MDMEDICAID*1234567890*20241201*1430*1*X*005010X221A1~
ST*835*0001*005010X221A1~
BPR*I*15823.45*C*CHK************20241201~
TRN*1*123456789*1MDMEDICAID~
N1*PR*MARYLAND MEDICAID~
N1*PE*AMERICAN CAREGIVERS INC*XX*1234567890~
LX*110~
CLP*CLM2024120101*1*850.00*850.00*0*MC*9876543210*11*1~
NM1*QC*1*SMITH*JOHN*A***MI*MDC123456789~
DTM*232*20241115~
DTM*233*20241115~
SVC*HC:H2019:HM*250.00*250.00**4~
DTM*472*20241115~
SVC*HC:H2014*300.00*300.00**6~
DTM*472*20241115~
SVC*HC:T1027*300.00*300.00**2~
DTM*472*20241115~
CLP*CLM2024120102*1*1200.00*960.00*0*MC*9876543211*11*1~
NM1*QC*1*JOHNSON*MARY*B***MI*MDC987654321~
DTM*232*20241116~
DTM*233*20241116~
CAS*CO*45*240.00*1~
SVC*HC:H2019:HM*400.00*320.00**8~
DTM*472*20241116~
CAS*CO*45*80.00*1~
SVC*HC:H2015*800.00*640.00**4~
DTM*472*20241116~
CAS*CO*45*160.00*1~
CLP*CLM2024120103*4*600.00*0*0*MC*9876543212*11*1~
NM1*QC*1*WILLIAMS*DAVID****MI*MDC456789123~
DTM*232*20241117~
DTM*233*20241117~
CAS*CO*197*600.00*1~
SVC*HC:S5111*600.00*0**3~
DTM*472*20241117~
CAS*CO*197*600.00*1~
CLP*CLM2024120104*1*925.00*925.00*0*MC*9876543213*11*1~
NM1*QC*1*BROWN*SARAH*L***MI*MDC789123456~
DTM*232*20241118~
DTM*233*20241118~
SVC*HC:H2019:HM*325.00*325.00**5~
DTM*472*20241118~
SVC*HC:H2014*600.00*600.00**12~
DTM*472*20241118~
CLP*CLM2024120105*1*1500.00*1350.00*150.00*MC*9876543214*11*1~
NM1*QC*1*DAVIS*MICHAEL****MI*MDC321654987~
DTM*232*20241119~
DTM*233*20241119~
CAS*PR*1*150.00*1~
SVC*HC:H2019:HM*500.00*450.00**10~
DTM*472*20241119~
CAS*PR*1*50.00*1~
SVC*HC:H2015*1000.00*900.00**5~
DTM*472*20241119~
CAS*PR*1*100.00*1~
CLP*CLM2024120106*1*2400.00*2160.00*0*MC*9876543215*11*1~
NM1*QC*1*MILLER*JENNIFER*A***MI*MDC654987321~
DTM*232*20241120~
DTM*233*20241120~
CAS*CO*45*240.00*1~
SVC*HC:H2019:HM*600.00*540.00**12~
DTM*472*20241120~
CAS*CO*45*60.00*1~
SVC*HC:H2014*900.00*810.00**18~
DTM*472*20241120~
CAS*CO*45*90.00*1~
SVC*HC:T1027*900.00*810.00**6~
DTM*472*20241120~
CAS*CO*45*90.00*1~
CLP*CLM2024120107*1*1750.00*1750.00*0*MC*9876543216*11*1~
NM1*QC*1*WILSON*ROBERT*J***MI*MDC147258369~
DTM*232*20241121~
DTM*233*20241121~
SVC*HC:H2019:HM*750.00*750.00**15~
DTM*472*20241121~
SVC*HC:H2015*1000.00*1000.00**5~
DTM*472*20241121~
CLP*CLM2024120108*1*1100.00*880.00*0*MC*9876543217*11*1~
NM1*QC*1*MOORE*ELIZABETH****MI*MDC369258147~
DTM*232*20241122~
DTM*233*20241122~
CAS*CO*45*220.00*1~
SVC*HC:H2014*550.00*440.00**11~
DTM*472*20241122~
CAS*CO*45*110.00*1~
SVC*HC:T1027*550.00*440.00**11~
DTM*472*20241122~
CAS*CO*45*110.00*1~
CLP*CLM2024120109*2*3000.00*2700.00*300.00*MC*9876543218*11*1~
NM1*QC*1*TAYLOR*CHRISTOPHER****MI*MDC852963741~
DTM*232*20241123~
DTM*233*20241123~
CAS*PR*2*300.00*1~
SVC*HC:H2019:HM*1000.00*900.00**20~
DTM*472*20241123~
CAS*PR*2*100.00*1~
SVC*HC:H2014*1000.00*900.00**20~
DTM*472*20241123~
CAS*PR*2*100.00*1~
SVC*HC:H2015*1000.00*900.00**5~
DTM*472*20241123~
CAS*PR*2*100.00*1~
CLP*CLM2024120110*1*1875.00*1875.00*0*MC*9876543219*11*1~
NM1*QC*1*ANDERSON*PATRICIA*M***MI*MDC741852963~
DTM*232*20241124~
DTM*233*20241124~
SVC*HC:H2019:HM*625.00*625.00**12.5~
DTM*472*20241124~
SVC*HC:H2014*750.00*750.00**15~
DTM*472*20241124~
SVC*HC:T1027*500.00*500.00**10~
DTM*472*20241124~
PLB*1234567890*20241231*FB:J1*-123.45~
SE*96*0001~
GE*1*1~
IEA*1*000000001~